@article{schrimpf,
  title={Record breaking optimization results using the ruin and recreate principle},
  author={Schrimpf, Gerhard and Schneider, Johannes and Stamm-Wilbrandt, Hermann and Dueck, Gunter},
  journal={Journal of Computational Physics},
  volume={159},
  number={2},
  pages={139--171},
  year={2000},
  publisher={Elsevier}
}